@misc{BQ25606DataSheet,
  title = {{{BQ25606}} Data Sheet, Product Information and Support {\textbar} {{TI}}.Com},
  url = {https://www.ti.com/product/BQ25606},
  urldate = {2024-05-11}
}

@misc{BU409ChargingLithiumion,
  title = {{{BU-409}}: {{Charging Lithium-ion}}},
  shorttitle = {{{BU-409}}},
  year = {2010},
  month = sep,
  journal = {Battery University},
  url = {https://batteryuniversity.com/article/bu-409-charging-lithium-ion},
  urldate = {2024-05-11},
  abstract = {BU meta description needed...},
  langid = {english}
}

@misc{CD4053BDataSheet,
  title = {{{CD4053B}} Data Sheet, Product Information and Support {\textbar} {{TI}}.Com},
  url = {https://www.ti.com/product/CD4053B},
  urldate = {2024-05-11}
}

@article{hariImprovePowerConverter,
  title = {Improve {{Power Converter Reliability Using Hiccup-Mode Current Limiting}}},
  author = {Hari, Ajay},
  url = {https://www.ti.com/lit/an/snva604/snva604.pdf},
  langid = {english}
}

@misc{LM51561HDataSheete,
  title = {{{LM51561H}} Data Sheet, Product Information and Support {\textbar} {{TI}}.Com},
  url = {https://www.ti.com/product/LM51561H?qgpn=lm51561h},
  urldate = {2024-05-11}
}

@misc{OPA187DataSheet,
  title = {{{OPA187}} Data Sheet, Product Information and Support {\textbar} {{TI}}.Com},
  url = {https://www.ti.com/product/OPA187},
  urldate = {2024-05-11}
}

@misc{texasinstrumentsDesigningStandaloneSingle,
  title = {Designing {{A Standalone Single Cell}} 3-{{A Charger}} with the Bq25606},
  author = {{Texas Instruments}},
  url = {https://www.ti.com/lit/an/slva924/slva924.pdf},
  urldate = {2024-05-11}
}

@article{TransmissionGate,
  title = {Transmission Gate},
  year = {2023},
  month = jun,
  journal = {Wikipedia},
  url = {https://en.wikipedia.org/w/index.php?title=Transmission_gate},
  urldate = {2024-05-11},
  abstract = {A transmission gate (TG) is an analog gate similar to a relay that can conduct in both directions or block by a control signal with almost any voltage potential. It is a CMOS-based switch, in which PMOS passes a strong 1 but poor 0, and NMOS passes strong 0 but poor 1. Both PMOS and NMOS work simultaneously.},
  copyright = {Creative Commons Attribution-ShareAlike License},
  langid = {english},
  annotation = {Page Version ID: 1162221961}
}
